@inproceedings{cohn-gordon_formal_2017,
	location = {Paris, France},
	title = {A Formal Security Analysis of the Signal Messaging Protocol},
	isbn = {978-1-5090-5762-7},
	url = {http://ieeexplore.ieee.org/document/7961996/},
	doi = {10.1109/EuroSP.2017.27},
	pages = {451--466},
	booktitle = {2017 IEEE European Symposium on Security and Privacy (EuroS&P)},
	publisher = {{IEEE}},
	author = {Cohn-Gordon, Katriel and Cremers, Cas and Dowling, Benjamin and Garratt, Luke and Stebila, Douglas},
	urldate = {2019-12-08},
	date = {2017-04},
	langid = {english},
	file = {Cohn-Gordon et al. - 2017 - A Formal Security Analysis of the Signal Messaging.pdf:/Users/achim/Zotero/storage/BNPY9K4G/Cohn-Gordon et al. - 2017 - A Formal Security Analysis of the Signal Messaging.pdf:application/pdf}
}


@online{sullivan_relatively_2013,
	title = {A (Relatively Easy To Understand) Primer on Elliptic Curve Cryptography},
	url = {https://blog.cloudflare.com/a-relatively-easy-to-understand-primer-on-elliptic-curve-cryptography/},
	abstract = {Elliptic Curve Cryptography ({ECC}) is one of the most powerful but least understood types of cryptography in wide use today. At {CloudFlare}, we make extensive use of {ECC} to secure everything from our customers' {HTTPS} connections to how we pass data between our data centers.},
	titleaddon = {The Cloudflare Blog},
	author = {Sullivan, Nick},
	urldate = {2020-02-04},
	date = {2013-10-24},
	langid = {english},
	file = {Snapshot:C\:\\Users\\Achim\\Zotero\\storage\\5TTHAXPN\\a-relatively-easy-to-understand-primer-on-elliptic-curve-cryptography.html:text/html}
}


@article{stokel-walker_banning_2019,
	title = {Banning Huawei from 5G infrastructure},
	volume = {242},
	issn = {02624079},
	url = {https://linkinghub.elsevier.com/retrieve/pii/S0262407919307614},
	doi = {10.1016/S0262-4079(19)30761-4},
	number = {3228},
	journaltitle = {New Scientist},
	shortjournal = {New Scientist},
	author = {Stokel-Walker, Chris},
	urldate = {2020-02-03},
	date = {2019-05},
	langid = {english},
	file = {Stokel-Walker - 2019 - Banning Huawei from 5G infrastructure.pdf:C\:\\Users\\Achim\\Zotero\\storage\\UFKPXW2T\\Stokel-Walker - 2019 - Banning Huawei from 5G infrastructure.pdf:application/pdf}
}

@online{google_milestone_2018,
	title = {A milestone for Chrome security: marking {HTTP} as “not secure”},
	url = {https://blog.google/products/chrome/milestone-chrome-security-marking-http-not-secure/},
	shorttitle = {A milestone for Chrome security},
	abstract = {We're marking all sites that are not encrypted with {HTTPS} as “not secure”.},
	author = {Google},
	urldate = {2020-02-03},
	date = {2018-07-24},
	langid = {english},
	file = {Snapshot:C\:\\Users\\Achim\\Zotero\\storage\\HA3NAA5C\\milestone-chrome-security-marking-http-not-secure.html:text/html}
}

@online{publico_ssl-grundlagen_2017,
	title = {{SSL-Grundlagen}: Was ist ein Certificate Signing Request ({CSR})},
	url = {https://www.globalsign.com/de-de/blog/was-ist-ein-certificate-signing-request/},
	author = {Publico, Rico},
	urldate = {2020-01-16},
	date = {2017-12-05},
	file = {SSL-Grundlagen\: Was ist ein Certificate Signing Request (CSR)?:/Users/achim/Zotero/storage/74VPSI9E/was-ist-ein-certificate-signing-request.html:text/html}
}

@online{reed_new_2019,
	title = {New {iOS} exploit checkm8 allows permanent compromise of {iPhones}},
	url = {https://blog.malwarebytes.com/mac/2019/09/new-ios-exploit-checkm8-allows-permanent-compromise-of-iphones/},
	abstract = {A new exploit for {iOS} enables attackers to gain permanent access to {iPhones}, {iPads}, Apple Watches, and more—with zero potential for patching.},
	author = {Reed, Thomas},
	urldate = {2020-02-02},
	date = {2019-09-27},
	langid = {american},
	file = {Snapshot:C\:\\Users\\Achim\\Zotero\\storage\\B386ZUFQ\\new-ios-exploit-checkm8-allows-permanent-compromise-of-iphones.html:text/html}
}

@inproceedings{cooijmans_analysis_2014,
	location = {Scottsdale, Arizona, {USA}},
	title = {Analysis of Secure Key Storage Solutions on Android},
	isbn = {978-1-4503-3155-5},
	url = {http://dl.acm.org/citation.cfm?doid=2666620.2666627},
	doi = {10.1145/2666620.2666627},
	abstract = {Mobile phones are increasingly used for security sensitive activities such as online banking or mobile payments. This usually involves some cryptographic operations, and therefore introduces the problem of securely storing the corresponding keys on the phone. In this paper we evaluate the security provided by various options for secure storage of key material on Android, using either Android’s service for key storage or the key storage solution in the Bouncy Castle library. The security provided by the key storage service of the Android {OS} depends on the actual phone, as it may or may not make use of {ARM} {TrustZone} features. Therefore we investigate this for diﬀerent models of phones.},
	eventtitle = {the 4th {ACM} Workshop},
	pages = {5--7},
	booktitle = {Proceedings of the 4th {ACM} Workshop on Security and Privacy in Smartphones \& Mobile Devices - {SPSM} '14},
	publisher = {{ACM} Press},
	author = {Cooijmans, Tim and de Ruiter, Joeri and Poll, Erik},
	urldate = {2020-01-31},
	date = {2014},
	langid = {english},
	file = {Cooijmans et al. - 2014 - Analysis of Secure Key Storage Solutions on Androi.pdf:C\:\\Users\\Achim\\Zotero\\storage\\SLHIZPJE\\Cooijmans et al. - 2014 - Analysis of Secure Key Storage Solutions on Androi.pdf:application/pdf}
}

@online{luber_ca_2018,
	title = {Was ist eine {CA}?},
	url = {https://www.security-insider.de/was-ist-eine-ca-a-696169/},
	author = {Luber, Stefan and Schmitz, Peter},
	urldate = {2020-01-16},
	date = {2018-03-19},
	langid = {german},
	file = {Snapshot:/Users/achim/Zotero/storage/VICDGTJR/was-ist-eine-ca-a-696169.html:text/html}
}

@online{luber_smime_2018,
	title = {Was ist S/{MIME}?},
	url = {https://www.ip-insider.de/was-ist-s-mime-a-771640/},
	abstract = {Mit dem Standard S/{MIME} lassen sich E-Mails verschlüsseln und signieren. Die Technologie basiert auf der asymmetrischen Verschlüsselung und verwendet Zertifikate sowie private und öffentliche Schlüssel. Viele gängige E-Mail-Programme unterstützen S/{MIME}. {PGP} ist eine Alternative zu S/{MIME}.},
	author = {Luber, Stefan},
	urldate = {2020-01-16},
	date = {2018-10-18},
	langid = {german},
	file = {Snapshot:/Users/achim/Zotero/storage/XPK8QJCW/was-ist-s-mime-a-771640.html:text/html}
}

@online{villadiego_dangers_2017,
	title = {The Dangers Of Phishing},
	url = {https://www.forbes.com/sites/forbestechcouncil/2017/09/14/the-dangers-of-phishing/},
	abstract = {Phishing is all about the art of deception. Through social engineering, attackers take advantage human curiosity, emotions, fear and gullibility to manipulate their victims.},
	author = {Villadiego, Ricardo},
	urldate = {2020-01-14},
	date = {2017-09-17},
	langid = {english},
	file = {Snapshot:C\:\\Users\\Achim\\Zotero\\storage\\R6WPMVXV\\the-dangers-of-phishing.html:text/html}
}

@online{qr_codes,
	title = {Grundlagen des QR Codes},
	url = {https://www.qrcode-generator.de/qr-code-marketing/qr-codes-basics/},
	author = {{QR-Code Generator}},
	urldate = {2020-01-30},
	date = {2020-01-30},
	langid = {english},
	file = {Snapshot:C:\:\\Users\\Achim\\Zotero\\storage\\Z7ZVMVG4\\qr-codes-basics.html}
}


@online{ibm_hardware_2020,
	title = {Hardware Security Module - Überblick},
	url = {https://www.ibm.com/de-de/cloud/hardware-security-module},
	abstract = {Informieren Sie sich über {IBM} Cloud Hardware Security Module 7.0 zum Schutz Ihrer verschlüsselten Infrastruktur durch sichere Verwaltung, Verarbeitung und Speicherung von Chiffrierschlüsseln.},
	urldate = {2020-01-03},
	author = {{IBM}},
	langid = {german},
	file = {Snapshot:/Users/achim/Zotero/storage/YM7A97SQ/hardware-security-module.html:text/html}
}

@online{gemalto_safenet_2020,
	title = {{SafeNet} Network {HSM}},
	url = {https://safenet.gemalto.com/data-encryption/hardware-security-modules-hsms/safenet-network-hsm/},
	abstract = {The {SafeNet} Network {HSM} provides award-winning application protection through powerful cryptographic processing and hardware key management.},
	author = {{Gemalto N.V.}},
	urldate = {2020-01-03},
	file = {Snapshot:/Users/achim/Zotero/storage/5Y95KZSC/safenet-network-hsm.html:text/html}
}


@incollection{sustek_hardware_2011,
	location = {Boston, {MA}},
	title = {Hardware Security Module},
	isbn = {978-1-4419-5906-5},
	url = {https://doi.org/10.1007/978-1-4419-5906-5_509},
	pages = {535--538},
	booktitle = {Encyclopedia of Cryptography and Security},
	publisher = {Springer {US}},
	author = {Sustek, Laurent},
	editor = {van Tilborg, Henk C. A. and Jajodia, Sushil},
	date = {2011},
	doi = {10.1007/978-1-4419-5906-5_509}
}

@online{laginimaineb_bits_2016,
	title = {Bits, Please!: Extracting Qualcomm's {KeyMaster} Keys - Breaking Android Full Disk Encryption},
	url = {https://bits-please.blogspot.com/2016/06/extracting-qualcomms-keymaster-keys.html},
	shorttitle = {Bits, Please!},
	titleaddon = {Bits, Please!},
	author = {Laginimaineb},
	urldate = {2020-02-01},
	date = {2016-06-30},
	keywords = {Android, bruteforce, bypass, exploit, fde, full disk encryption, keymaster, qsee, Qualcomm, {TrustZone}, {TZ}, vulnerability},
	file = {Blogspot Snapshot:C\:\\Users\\Achim\\Zotero\\storage\\2DBKR67Z\\extracting-qualcomms-keymaster-keys.html:text/html}
}

@article{mayrhofer_insider_2019,
	title = {Insider Attack Resistance in the Android Ecosystem},
	url = {https://www.usenix.org/conference/enigma2019/presentation/mayrhofer},
	author = {Mayrhofer, René},
	urldate = {2020-02-02},
	date = {2019},
	langid = {english},
	file = {Snapshot:C\:\\Users\\Achim\\Zotero\\storage\\EPPALR4B\\mayrhofer.html:text/html}
}

@article{perrin_double_2016,
	title = {The Double Ratchet Algorithm},
	author = {Perrin, Trevor},
	langid = {english},
	date = {2016},
	file = {Perrin - The Double Ratchet Algorithm.pdf:/Users/achim/Zotero/storage/JXB8K6UA/Perrin - The Double Ratchet Algorithm.pdf:application/pdf}
}


@online{letsencrypt_lets_2019,
	title = {Let's Encrypt Statistics},
	url = {https://letsencrypt.org/stats/},
	author = {{Let's Encrypt}},
	urldate = {2020-01-06},
	date = {2019-12-29},
	file = {Let's Encrypt Stats - Let's Encrypt - Free SSL/TLS Certificates:/Users/achim/Zotero/storage/NTQXGUMS/stats.html:text/html}
}

@online{verizon_2019,
    title = {Data Breach Investigations Report},
    author = {Verizon},
    url = {https://enterprise.verizon.com/resources/reports/2019-data-breach-investigations-report.pdf},
    date = {2019}
}


@article{bonneau_finite-state_nodate,
	title = {Finite-State Security Analysis of {OTR} Version 2},
	abstract = {Oﬀ-the-Record messaging is a protocol for enabling secure, authenticated, deniable messaging with perfect forward secrecy, speciﬁcally over instant messaging networks. In this paper we describe the results of a ﬁnite-state security analysis of the {OTR} protocol. In addition to ﬁnding several security issues in the process of modeling the protocol, our model has discovered security problems in both the authenticated key exchange and data exchange phases of the protocol. The security problem during data exchange leads to an attack where by an active attacker can modify a message without detection by either party or disruption of the protocol. In addition to describing the attacks found, we describe possible solutions where appropriate.},
	pages = {5},
	urldate = {2020-02-05},
	author = {Bonneau, Joseph and Morrison, Andrew},
	langid = {english},
	file = {Bonneau und Morrison - Finite-State Security Analysis of OTR Version 2.pdf:C\:\\Users\\Achim\\Zotero\\storage\\GTN4FNCQ\\Bonneau und Morrison - Finite-State Security Analysis of OTR Version 2.pdf:application/pdf}
}

@online{heise_us_nodate,
	title = {{US} {CLOUD} Act regelt internationalen Datenzugriff},
	url = {https://www.heise.de/select/ix/2018/7/1530927567503187},
	abstract = {Gemäß dem Patriot Act von 2001 müssen {US}-Unternehmen personenbezogene Daten auf Verlangen von {US}-Behörden herausgeben – allerdings nur, wenn die Daten in den {USA} liegen. Mit dem {CLOUD} Act stellt die Trump-Regierung nun auch den Zugriff auf ausländische Server sicher.},
	author = {Haar, Tobias},
	urldate = {2020-02-04},
	langid = {german},
	file = {Snapshot:C\:\\Users\\Achim\\Zotero\\storage\\U3XUFNWT\\1530927567503187.html:text/html}
}

@online{winscp_how_nodate,
	title = {How do I connect to my {iPhone}, {iPod} Touch or {iPad}?},
	url = {https://winscp.net/eng/docs/faq_iphone},
	shorttitle = {How do I connect to my {iPhone}, {iPod} Touch or {iPad}?},
	abstract = {{WinSCP} is a free {SFTP}, {SCP}, Amazon S3, {WebDAV}, and {FTP} client for Windows.},
	author = {{WinSCP}},
	urldate = {2020-02-04},
	langid = {english},
	file = {Snapshot:C\:\\Users\\Achim\\Zotero\\storage\\WT2W9X7S\\faq_iphone.html:text/html}
}

@book{rehim_effective_2016,
	edition = {1},
	title = {Effective Python Penetration Testing},
	pagetotal = {164},
	pages = {78--80},
	publisher = {Packt Publishing},
	author = {Rehim, Rejah},
	date = {2016-06-29}
}

@online{bsi_bsi_loeschen,
	title = {Daten richtig löschen},
	url = {https://www.bsi-fuer-buerger.de/BSIFB/DE/Empfehlungen/RichtigLoeschen/richtigloeschen_node.html},
	author = {{BSI}},
	urldate = {2020-02-04},
	file = {BSI für Bürger - Daten richtig löschen:C\:\\Users\\Achim\\Zotero\\storage\\GMNFJPDE\\richtigloeschen_node.html:text/html}
}

@online{stiemer_linkkabel_2017,
	title = {{USB}-Link-Kabel: Zwei {PCs} via {USB} miteinander verbinden},
	url = {https://www.channelpartner.de/a/zwei-pcs-via-usb-miteinander-verbinden,3049651},
	shorttitle = {{USB}-Link-Kabel},
	abstract = {Für den komfortablen Datenaustausch zwischen zwei {PCs} oder Notebooks gibt es auch spezielle {USB}-Link-Kabel: Auf diese Weise kopieren Sie Daten zwischen den Geräten, als wären sie Wechseldatenträger.},
	author = {Stiemer, Friedrich},
	urldate = {2020-02-04},
	date = {2017-02-22},
	langid = {german},
	file = {Snapshot:C\:\\Users\\Achim\\Zotero\\storage\\VKX867DS\\zwei-pcs-via-usb-miteinander-verbinden,3049651.html:text/html}
}

@online{btcecho_bitcoin_2018,
	title = {Bitcoin \& Co: Was sind Private Key und Public Key?},
	url = {https://www.btc-echo.de/bitcoin-co-was-sind-private-key-und-public-key/},
	shorttitle = {Bitcoin \& Co},
	abstract = {Alle hodln Bitcoin – doch wissen sie auch, was es mit der Verschlüsselung auf sich hat? Heute: Private Key und Public Key.},
	author = {{BTC}-Echo},
	urldate = {2020-02-04},
	date = {2018-11-02},
	langid = {german},
	file = {Snapshot:C\:\\Users\\Achim\\Zotero\\storage\\MHFJKE4E\\bitcoin-co-was-sind-private-key-und-public-key.html:text/html}
}

@online{noauthor_phraselock_nodate,
	title = {Phrase-Lock® {USB}-Key {\textbar} Use your smartphone to enter passwords into your computer},
	url = {https://www.ipoxo.com/},
	abstract = {Phrase-Lock® {USB}-Key - Use your smartphone to enter passwords into your computer. Independent of operating systems, software or browsers. For Windows, Mac and Linux. Supports all virtualizations such as Citrix® or {VMWare}®.},
	urldate = {2020-02-04},
	author = {Phrase-Lock},
	langid = {american},
	file = {Snapshot:C\:\\Users\\Achim\\Zotero\\storage\\PFDH6C66\\www.ipoxo.com.html:text/html}
}

@online{reichl_composite_nodate,
	title = {Composite Master Key - {KeePass}},
	rights = {Copyright (C) 2003-2020 Dominik Reichl},
	url = {https://keepass.info/help/base/keys.html},
	type = {Text},
	author = {Reichl, Dominik},
	urldate = {2020-02-04},
	langid = {english},
	file = {Snapshot:C\:\\Users\\Achim\\Zotero\\storage\\2TR7GH2E\\keys.html:text/html}
}

@online{luber_ssh_2020,
	title = {Was ist Secure Shell ({SSH} / {SSH}-1 / {SSH}-2 / {OpenSSH})?},
	url = {https://www.ip-insider.de/was-ist-secure-shell-ssh-ssh-1-ssh-2-openssh-a-691217/},
	abstract = {Secure Shell ({SSH}) ist ein Protokoll, mit dem sich im {IP}-Netz über eine verschlüsselte Verbindung auf einen entfernten Rechner zugreifen lässt. Es kann als sichere Alternative zu den unverschlüsselt arbeitenden Protokollen wie Telnet oder Rlogin verwendet werden.},
	urldate = {2020-02-04},
	langid = {german},
	author = {Luber, Stefan and Donner, Andreas},
	file = {Snapshot:C\:\\Users\\Achim\\Zotero\\storage\\96A9KR2L\\was-ist-secure-shell-ssh-ssh-1-ssh-2-openssh-a-691217.html:text/html}
}


@online{noauthor_bouncycastle_nodate,
	title = {{BouncyCastle}... {SpongyCastle}... Android. Oh my!},
	url = {https://blog.abstractj.org/articles/spongycastle-bouncycastle-android.html},
	urldate = {2020-02-05},
	author = {Oliveira, Bruno},
	file = {BouncyCastle... SpongyCastle... Android. Oh my! · Bruno Oliveira:C\:\\Users\\Achim\\Zotero\\storage\\GTBV5QIT\\spongycastle-bouncycastle-android.html:text/html}
}

@online{coltd_elcomsoft_nodate,
	title = {Elcomsoft {iOS} Forensic Toolkit online bestellen {\textbar} Elcomsoft Co.Ltd.},
	url = {https://www.elcomsoft.de/purchase/buy.php?product=eift&ref=infopage},
	abstract = {{ElcomSoft} bietet {GPU}-beschleunigte Tools zur Passwortwiederherstellung sowie Entschlüsselung und stellt Behörden, Geschäftskunden bzw. Forensik eine Reihe von mobilen Extraktions- und Analyse-Tools für {iOS}, Android, {BlackBerry}, W10M, {macOS} und Windows zur Verfügung.},
	author = {{ElcomSoft}},
	urldate = {2020-02-05},
	langid = {german},
	file = {Snapshot:C\:\\Users\\Achim\\Zotero\\storage\\SWWJW52H\\buy.html:text/html}
}

@online{noauthor_filebased_nodate,
	title = {File-Based Encryption},
	url = {https://source.android.com/security/encryption/file-based?hl=de},
	author = {Google},
	urldate = {2020-02-05},
	langid = {english},
	file = {Snapshot:C\:\\Users\\Achim\\Zotero\\storage\\S3I76QUX\\file-based.html:text/html}
}

@online{kirsch_2001,
    title = {S/MIME vs. OpenPGP: Eine Entscheidungshilfe},
    author = {Kirsch, Christian},
    date = {2001},
    url = {http://2014.kes.info/archiv/online/01-01-60-SMIMEvsOpenPGP.htm}
}

@online{3cx_webrtc_nodate,
	title = {{WebRTC} - Definition und Bedeutung für die Unternehmenskommunikation},
	url = {https://www.3cx.de/webrtc/},
	abstract = {{WebRTC}-Technologie ist der Wegbereiter für Multi-Media-Kommunikation. Hier erfahren Sie alles, was Sie über {WebRTC} wissen sollten.},
	author = {3CX},
	urldate = {2020-02-05},
	langid = {german},
	file = {Snapshot:C\:\\Users\\Achim\\Zotero\\storage\\XJQXLV9Q\\webrtc.html:text/html}
}

@online{bsi_bsi_nodate,
	title = {„Efail“-Schwachstellen: Was Sie jetzt wissen sollten},
	url = {https://www.bsi-fuer-buerger.de/BSIFB/DE/Service/Aktuell/Informationen/Artikel/efail_schwachstellen.html},
	urldate = {2020-02-04},
	author = {BSI},
	date = {no date},
	file = {BSI für Bürger - Informationen - „Efail“-Schwachstellen\: Was Sie jetzt wissen sollten:C\:\\Users\\Achim\\Zotero\\storage\\X8CR2HAF\\efail_schwachstellen.html:text/html}
}

@article{managers_mail_2019,
    title = {Senior Managers Account for the Greatest Information Security Risks},
    author = {Guterl, Karen and Tanner, Ben},
    date = {2014},
    url = {http://safr.me/wp-content/uploads/2014/02/Senior-Managers-Account-for-the-Greatest-Information-Security-Risks-Finds-New-Stroz-Friedberg-Survey.pdf}
}

@online{pawl_rachet_2020,
    title = {Mechanical Ratchet},
    url = {https://en.wikipedia.org/wiki/Pawl},
    author = {{Wikimedia}},
    urldate = {2020-01-14},
    date = {2020-01-14}
}

@online{ellipticcurve_stackexchange_2020,
    title = {Elliptic Curve Key Generation},
    url = {https://crypto.stackexchange.com/questions/48657/how-does-ecc-go-from-decimals-to-integers},
    author = {Uszak, Paul},
    urldate = {2020-01-14},
    date = {2020-01-14}
}


@article{van_vleck_electronic_2012,
	title = {Electronic Mail and Text Messaging in {CTSS}, 1965-1973},
	volume = {34},
	issn = {1934-1547},
	doi = {10.1109/MAHC.2012.6},
	abstract = {Applications from prior technologies are often reimplemented on new computing or communications platforms, and users sometimes don't realize that the applications have been recycled. For example, text messaging was available between computer users for years before its implementation on cell phones, and email has precursors before its implementation on the Internet. Noel Morris and author Tom Van Vleck implemented both an electronic mail command and a text messaging facility for the Massachusetts Institute of Technology's Compatible Time-Sharing System ({CTSS}) in 1965. This new ability encouraged users to share information in new ways.},
	pages = {1--2},
	number = {1},
	journaltitle = {{IEEE} Annals of the History of Computing},
	author = {Van Vleck, Tom},
	date = {2012-01},
	keywords = {communications platforms, Compatible Time Sharing System, compatible time-sharing system, {CTSS}, electronic mail, Electronic mail, electronic mail command, electronic messaging, email, history of computing, Internet, Massachusetts Institute of Technology, Multics, Noel Morris, Project Mac, text messaging, Text mining, Text processing, Tom Van Vleck},
	file = {IEEE Xplore Abstract Record:C\:\\Users\\Achim\\Zotero\\storage\\VUYNWLHW\\6161671.html:text/html;IEEE Xplore Full Text PDF:C\:\\Users\\Achim\\Zotero\\storage\\P2HG93SQ\\Van Vleck - 2012 - Electronic Mail and Text Messaging in CTSS, 1965-1.pdf:application/pdf}
}

@online{protocol_introducing_2018,
	title = {Introducing: Signal Protocol to Dust},
	url = {https://medium.com/mercuryprotocol/introducing-signal-protocol-to-dust-19b66c9331be},
	shorttitle = {Introducing},
	abstract = {The Signal Protocol Advantage},
	author = {Protocol, Mercury},
	urldate = {2020-01-14},
	date = {2018-06-29},
	langid = {english},
	file = {Snapshot:C\:\\Users\\Achim\\Zotero\\storage\\5NSXK7SX\\introducing-signal-protocol-to-dust-19b66c9331be.html:text/html}
}

@article{marlinspike_x3dh_2016,
	title = {The X3DH Key Agreement Protocol},
	pages = {11},
	author = {Marlinspike, Moxie and Perrin, Trevor},
	langid = {english},
	date = {2016},
	file = {Marlinspike und Perrin - The X3DH Key Agreement Protocol.pdf:/Users/achim/Zotero/storage/CY2I2A8I/Marlinspike und Perrin - The X3DH Key Agreement Protocol.pdf:application/pdf}
}

@incollection{hankerson_elliptic_2011,
	location = {Boston, {MA}},
	title = {Elliptic Curve Cryptography},
	isbn = {978-1-4419-5906-5},
	url = {https://doi.org/10.1007/978-1-4419-5906-5_245},
	pages = {397--397},
	booktitle = {Encyclopedia of Cryptography and Security},
	publisher = {Springer {US}},
	author = {Hankerson, Darrel and Menezes, Alfred},
	editor = {van Tilborg, Henk C. A. and Jajodia, Sushil},
	date = {2011},
	doi = {10.1007/978-1-4419-5906-5_245}
}


@online{schneier_essays_2007,
	title = {Essays: Did {NSA} Put a Secret Backdoor in New Encryption Standard?},
	url = {https://www.schneier.com/essays/archives/2007/11/did_nsa_put_a_secret.html},
	author = {Schneier, Bruce},
	urldate = {2020-01-03},
	date = {2007-11-01},
	file = {Essays\: Did NSA Put a Secret Backdoor in New Encryption Standard? - Schneier on Security:/Users/achim/Zotero/storage/6IGIIEBF/did_nsa_put_a_secret.html:text/html}
}


@online{uszak_elliptic_2017,
	title = {elliptic curves - How does {ECC} go from decimals to integers?},
	url = {https://crypto.stackexchange.com/questions/48657/how-does-ecc-go-from-decimals-to-integers},
	author = {Uszak, Paul},
	urldate = {2020-01-17},
	date = {2017-06-26},
	file = {Snapshot:C\:\\Users\\Achim\\Zotero\\storage\\DKVYUN9J\\how-does-ecc-go-from-decimals-to-integers.html:text/html}
}

@online{wifi_security_2020,
	title = {Security {\textbar} Wi-Fi Alliance},
	url = {https://www.wi-fi.org/discover-wi-fi/security},
	author = {{Wi-Fi Alliance}},
	urldate = {2020-01-04},
	file = {Security | Wi-Fi Alliance:/Users/achim/Zotero/storage/L3RM2L9R/security.html:text/html}
}

@online{apple_storing_2020,
	title = {Storing Keys in the Secure Enclave},
	url = {https://developer.apple.com/documentation/security/certificate_key_and_trust_services/keys/storing_keys_in_the_secure_enclave},
	author = {Apple},
	urldate = {2020-01-04},
	date = {2020},
	file = {Storing Keys in the Secure Enclave | Apple Developer Documentation:/Users/achim/Zotero/storage/YP7KHEV7/storing_keys_in_the_secure_enclave.html:text/html}
}

@online{apple_keychain_2020,
	title = {Keychain Services},
	url = {https://developer.apple.com/documentation/security/keychain_services},
	urldate = {2020-01-04},
	author = {Apple},
	date = {2020},
	file = {Keychain Services | Apple Developer Documentation:/Users/achim/Zotero/storage/DLU5EVTB/keychain_services.html:text/html}
}

@online{google_android_2020,
	title = {Android keystore system},
	url = {https://developer.android.com/training/articles/keystore},
	urldate = {2019-11-14},
	date = {2020},
	author = {Google},
	file = {Snapshot:/Users/achim/Zotero/storage/LE26Z77K/keystore.html:text/html}
}

@online{google_hardware-backed_2020,
	title = {Hardware-backed Keystore},
	url = {https://source.android.com/security/keystore?hl=de},
	author = {Google},
	urldate = {2020-01-06},
	date = {2020},
	langid = {english},
	file = {Snapshot:/Users/achim/Zotero/storage/T6IJQ9U6/keystore.html:text/html}
}

@online{google_distribution_2019,
	title = {Distribution dashboard},
	url = {https://developer.android.com/about/dashboards?hl=de},
	abstract = {An overview of device characteristics and platform versions that are active in the Android ecosystem.},
	author = {Google},
	urldate = {2020-02-01},
	date = {2019-05-07},
	langid = {english},
	file = {Snapshot:C\:\\Users\\Achim\\Zotero\\storage\\LQAP7CU2\\dashboards.html:text/html}
}


@article{fowler_trustzone_2017,
	title = {{TrustZone} technology for {ARMv}8-M},
	pages = {28},
	author = {Fowler, Ian},
	date = {2017},
	pages = {4--6},
	langid = {english},
	file = {Fowler - 2017 - TrustZone technology for ARMv8-M.pdf:/Users/achim/Zotero/storage/7V5RX6Z3/Fowler - 2017 - TrustZone technology for ARMv8-M.pdf:application/pdf}
}